@article{jaber2022quintic,
  title={The quintic Ornstein-Uhlenbeck volatility model that jointly calibrates SPX \& VIX smiles},
  author={Jaber, Eduardo Abi and Illand, Camille and others},
  journal={arXiv preprint arXiv:2212.10917},
  year={2022}
}

@article{jaber2022joint,
  title={Joint SPX-VIX calibration with Gaussian polynomial volatility models: deep pricing with quantization hints},
  author={Jaber, Eduardo Abi and Illand, Camille and others},
  journal={arXiv preprint arXiv:2212.08297},
  year={2022}
}

@article{gatheral2020quadratic,
  title={The quadratic rough Heston model and the joint S\&P 500/VIX smile calibration problem},
  author={Gatheral, Jim and Jusselin, Paul and Rosenbaum, Mathieu},
  journal={arXiv preprint arXiv:2001.01789},
  year={2020}
}

@article{guyon2023volatility,
  title={Volatility is (mostly) path-dependent},
  author={Guyon, Julien and Lekeufack, Jordan},
  journal={Quantitative Finance},
  volume={23},
  number={9},
  pages={1221--1258},
  year={2023},
  publisher={Taylor \& Francis}
}

@article{cont2001empirical,
  title={Empirical properties of asset returns: stylized facts and statistical issues},
  author={Cont, Rama},
  journal={Quantitative finance},
  volume={1},
  number={2},
  pages={223},
  year={2001},
  publisher={IOP Publishing}
}

@article{comte1998long,
  title={Long memory in continuous-time stochastic volatility models},
  author={Comte, Fabienne and Renault, Eric},
  journal={Mathematical finance},
  volume={8},
  number={4},
  pages={291--323},
  year={1998},
  publisher={Wiley Online Library}
}

@article{LeBaron2001,
  title={Stochastic volatility as a simple generator of apparent financial power laws and long memory},
  author={LeBaron, Blake},
  journal={Quantitative finance},
  volume={1},
  number={6},
  pages={621--631},
  year={2001},
  publisher={Taylor \& Francis}
}


